@book{nocedal2006numerical,
  title={Numerical Optimization},
  author={Nocedal, Jorge and Wright, Stephen J.},
  year={2006},
  publisher={Springer},
  edition={2}
}

@book{boyd2004convex,
  title={Convex Optimization},
  author={Boyd, Stephen and Vandenberghe, Lieven},
  year={2004},
  publisher={Cambridge University Press}
}

@book{bertsekas1999nonlinear,
  title={Nonlinear Programming},
  author={Bertsekas, Dimitri P.},
  year={1999},
  publisher={Athena Scientific},
  edition={2}
}

@book{nesterov2004introductory,
  title={Introductory Lectures on Convex Optimization: A Basic Course},
  author={Nesterov, Yurii},
  year={2004},
  publisher={Springer}
}

@article{beck2009fista,
  title={A fast iterative shrinkage-thresholding algorithm for linear inverse problems},
  author={Beck, Amir and Teboulle, Marc},
  journal={SIAM Journal on Imaging Sciences},
  volume={2},
  number={1},
  pages={183--202},
  year={2009}
}

@article{parikh2014prox,
  title={Proximal Algorithms},
  author={Parikh, Neal and Boyd, Stephen},
  journal={Foundations and Trends in Optimization},
  volume={1},
  number={3},
  pages={123--231},
  year={2014}
}

@article{boyd2011admm,
  title={Distributed Optimization and Statistical Learning via the Alternating Direction Method of Multipliers},
  author={Boyd, Stephen and Parikh, Neal and Chu, Eric and Peleato, Borja and Eckstein, Jonathan},
  journal={Foundations and Trends in Machine Learning},
  volume={3},
  number={1},
  pages={1--122},
  year={2011}
}

@article{kingma2015adam,
  title={Adam: A Method for Stochastic Optimization},
  author={Kingma, Diederik P. and Ba, Jimmy},
  journal={International Conference on Learning Representations},
  year={2015}
}

@article{duchi2011adagrad,
  title={Adaptive Subgradient Methods for Online Learning and Stochastic Optimization},
  author={Duchi, John and Hazan, Elad and Singer, Yoram},
  journal={Journal of Machine Learning Research},
  volume={12},
  pages={2121--2159},
  year={2011}
}

@article{tieleman2012rmsprop,
  title={Lecture 6.5â€”RMSProp: Divide the Gradient by a Running Average of Its Recent Magnitude},
  author={Tieleman, Tijmen and Hinton, Geoffrey},
  journal={COURSERA: Neural Networks for Machine Learning},
  year={2012}
}

@article{liu1989lbfgs,
  title={On the Limited Memory BFGS Method for Large Scale Optimization},
  author={Liu, Dong C. and Nocedal, Jorge},
  journal={Mathematical Programming},
  volume={45},
  number={1},
  pages={503--528},
  year={1989}
}

@article{broyden1970convergence,
  title={The Convergence of a Class of Double-rank Minimization Algorithms},
  author={Broyden, C. G.},
  journal={Journal of the Institute of Mathematics and its Applications},
  volume={6},
  number={1},
  pages={76--90},
  year={1970}
}

@article{fletcher1970new,
  title={A New Approach to Variable Metric Algorithms},
  author={Fletcher, R.},
  journal={The Computer Journal},
  volume={13},
  number={3},
  pages={317--322},
  year={1970}
}

@article{goldfarb1970family,
  title={A Family of Variable-metric Methods Derived by Variational Means},
  author={Goldfarb, Donald},
  journal={Mathematics of Computation},
  volume={24},
  number={109},
  pages={23--26},
  year={1970}
}

@article{shanno1970conditioning,
  title={Conditioning of Quasi-Newton Methods for Function Minimization},
  author={Shanno, David F.},
  journal={Mathematics of Computation},
  volume={24},
  number={111},
  pages={647--656},
  year={1970}
}

@book{wright1997primaldual,
  title={Primal-Dual Interior-Point Methods},
  author={Wright, Stephen J.},
  year={1997},
  publisher={SIAM}
}

@book{nesterov1994ipm,
  title={Interior-Point Polynomial Algorithms in Convex Programming},
  author={Nesterov, Yurii and Nemirovskii, Arkadi},
  year={1994},
  publisher={SIAM}
}

@article{armijo1966minimization,
  title={Minimization of Functions Having {Lipschitz} Continuous First Partial Derivatives},
  author={Armijo, Larry},
  journal={Pacific Journal of Mathematics},
  volume={16},
  number={1},
  pages={1--3},
  year={1966}
}

@article{wolfe1969convergence,
  title={Convergence Conditions for Ascent Methods},
  author={Wolfe, Philip},
  journal={SIAM Review},
  volume={11},
  number={2},
  pages={226--235},
  year={1969}
}

@article{more1983computing,
  title={Computing a Trust Region Step},
  author={Mor{\'e}, Jorge J. and Sorensen, Danny C.},
  journal={SIAM Journal on Scientific and Statistical Computing},
  volume={4},
  number={3},
  pages={553--572},
  year={1983}
}

@book{rockafellar1970convex,
  title={Convex Analysis},
  author={Rockafellar, R. Tyrrell},
  year={1970},
  publisher={Princeton University Press}
}

@article{wright2015coordinate,
  title={Coordinate Descent Algorithms},
  author={Wright, Stephen J.},
  journal={Mathematical Programming},
  volume={151},
  number={1},
  pages={3--34},
  year={2015}
}

@book{nocedal1999practical,
  title={Practical Optimization},
  author={Gill, Philip E. and Murray, Walter and Wright, Margaret H.},
  year={1981},
  publisher={Academic Press}
}